@book{Weibel,
place={Cambridge},
title={An Introduction to homological algebra},
publisher={Univ. Pr},
author={Weibel, Charles A},
year={1995}
}

@book{Riehl,
  title={Category Theory in Context},
  author={Riehl, Emily},
  isbn={9780486820804},
  year={2017},
  publisher={Dover Publications}
}

@article{EilenbergMacLane,
  title={General Theory of Natural Equivalences},
  author = {Samuel Eilenberg and Saunders MacLane},
  journal = {Transactions of the American Mathematical Society},
  number = {2},
  pages = {231--294},
  publisher = {American Mathematical Society},
  volume = {58},
  year = {1945}
}

@misc{Scholze,
  title={Lectures on Condensed Mathematics},
  author={Scholze, Peter},
  year={2019}
}

@misc{Vakil,
  title={The Rising Sea},
  author={Vakil, Ravi},
  year={2023}
}

@book{Loregian21,
	title = {({C}o)end Calculus},
    doi = {10.1017/9781108778657},
	url = {https://doi.org/10.1017%2F9781108778657},
	year = 2021,
	publisher = {Cambridge University Press},
	author = {Fosco Loregian}
}

@article{Yoneda60,
	title = {On Ext and exact sequences},
    journal ={Journal of the Faculty of Science  University of Tokyo
Section I 8},
    pages={507-576},
	year = 1960,
	author = {Nobuo Yoneda}
}

@misc{Haugseng21,
      title={On (co)ends in $\infty$-categories}, 
      author={Rune Haugseng},
      year={2021},
      eprint={2008.03758},
      archivePrefix={arXiv},
      primaryClass={math.CT}
}

@misc{Fubini,
      title={A Fubini rule for $\infty$-coends}, 
      author={Fosco Loregian},
      year={2019},
      eprint={1902.06086},
      archivePrefix={arXiv},
      primaryClass={math.CT}
}

@misc{HTT,
      title={Higher Topos Theory}, 
      author={Jacob Lurie},
      year={2008},
      eprint={math/0608040},
      archivePrefix={arXiv},
      primaryClass={math.CT}
}

@misc{HA,
title={Higher Algebra},
author={Jacob Lurie},
year={2017}
}

@book{Riehl14, place={Cambridge}, series={New Mathematical Monographs}, title={Categorical Homotopy Theory}, DOI={10.1017/CBO9781107261457}, publisher={Cambridge University Press}, author={Riehl, Emily}, year={2014}, collection={New Mathematical Monographs}}

@book{Land,
author={Markus Land},
title={Introduction to infinity-categories},
year={2021}
}